<record><leader>00000cas a2200000 a 4500</leader><controlfield tag="001">32900267</controlfield><controlfield tag="008">950731d193u1940vauwr ne      0    0eng c</controlfield><datafield ind1=" " ind2=" " tag="010"><subfield code="a">sn 95079594 </subfield></datafield><datafield ind1=" " ind2=" " tag="040"><subfield code="a">NVK</subfield><subfield code="b">eng</subfield><subfield code="c">NVK</subfield><subfield code="d">FUG</subfield><subfield code="d">NVF</subfield><subfield code="d">NVK</subfield><subfield code="d">NVF</subfield><subfield code="d">NVK</subfield><subfield code="d">OCL</subfield><subfield code="d">OCLCQ</subfield><subfield code="d">OCLCF</subfield><subfield code="d">OCLCO</subfield></datafield><datafield ind1=" " ind2=" " tag="042"><subfield code="a">pcc</subfield></datafield><datafield ind1=" " ind2=" " tag="043"><subfield code="a">n-us-va</subfield></datafield><datafield ind1="0" ind2=" " tag="130"><subfield code="a">Journal and guide (Norfolk, Va. : Peninsula ed. : 1937)</subfield></datafield><datafield ind1="1" ind2="0" tag="245"><subfield code="a">Journal and guide.</subfield></datafield><datafield ind1=" " ind2=" " tag="250"><subfield code="a">Peninsula ed.</subfield></datafield><datafield ind1=" " ind2=" " tag="260"><subfield code="a">Norfolk, Va. :</subfield><subfield code="b">Guide Pub. Co.</subfield></datafield><datafield ind1=" " ind2=" " tag="300"><subfield code="a">v.</subfield></datafield><datafield ind1=" " ind2=" " tag="310"><subfield code="a">Weekly</subfield></datafield><datafield ind1="0" ind2=" " tag="362"><subfield code="a">-v. 40, no. 39 (Oct. 12, 1940).</subfield></datafield><datafield ind1=" " ind2=" " tag="500"><subfield code="a">Published for Newport News and Hampton-Phoebus.</subfield></datafield><datafield ind1=" " ind2=" " tag="580"><subfield code="a">Other eds.: Journal and guide (Norfolk, Va. : National ed.), &lt;1937&gt;-1940; Journal and guide (Norfolk, Va. : Home ed.), &lt;1937&gt;-1940; Journal and guide (Norfolk, Va. : Richmond ed.), &lt;1937-1938&gt;; Journal and guide (Norfolk, Va. : Virginia ed. : 1934), &lt;1934&gt;.</subfield></datafield><datafield ind1=" " ind2=" " tag="588"><subfield code="a">Description based on: Vol. 37, no. 3 (Jan. 16, 1937).</subfield></datafield><datafield ind1=" " ind2=" " tag="588"><subfield code="a">Latest issue consulted: Vol. 39, no. 52 (Dec. 30, 1939).</subfield></datafield><datafield ind1=" " ind2="0" tag="650"><subfield code="a">African Americans</subfield><subfield code="z">Virginia</subfield><subfield code="v">Newspapers.</subfield></datafield><datafield ind1=" " ind2="0" tag="650"><subfield code="a">African American newspapers</subfield><subfield code="z">Virginia.</subfield></datafield><datafield ind1=" " ind2="0" tag="651"><subfield code="a">Norfolk (Va.)</subfield><subfield code="v">Newspapers.</subfield></datafield><datafield ind1=" " ind2="0" tag="651"><subfield code="a">Newport News (Va.)</subfield><subfield code="v">Newspapers.</subfield></datafield><datafield ind1=" " ind2="0" tag="651"><subfield code="a">Hampton (Va.)</subfield><subfield code="v">Newspapers.</subfield></datafield><datafield ind1=" " ind2="0" tag="651"><subfield code="a">Phoebus (Va.)</subfield><subfield code="v">Newspapers.</subfield></datafield><datafield ind1=" " ind2="7" tag="655"><subfield code="a">Newspapers.</subfield><subfield code="2">fast</subfield><subfield code="0">(OCoLC)fst01423814</subfield></datafield><datafield ind1=" " ind2="7" tag="650"><subfield code="a">African American newspapers.</subfield><subfield code="2">fast</subfield><subfield code="0">(OCoLC)fst00799278</subfield></datafield><datafield ind1=" " ind2="7" tag="650"><subfield code="a">African Americans.</subfield><subfield code="2">fast</subfield><subfield code="0">(OCoLC)fst00799558</subfield></datafield><datafield ind1=" " ind2="7" tag="651"><subfield code="a">Virginia.</subfield><subfield code="2">fast</subfield><subfield code="0">(OCoLC)fst01204597</subfield></datafield><datafield ind1=" " ind2="7" tag="651"><subfield code="a">Virginia</subfield><subfield code="z">Hampton.</subfield><subfield code="2">fast</subfield><subfield code="0">(OCoLC)fst01206042</subfield></datafield><datafield ind1=" " ind2="7" tag="651"><subfield code="a">Virginia</subfield><subfield code="z">Newport News.</subfield><subfield code="2">fast</subfield><subfield code="0">(OCoLC)fst01205348</subfield></datafield><datafield ind1=" " ind2="7" tag="651"><subfield code="a">Virginia</subfield><subfield code="z">Norfolk.</subfield><subfield code="2">fast</subfield><subfield code="0">(OCoLC)fst01206844</subfield></datafield><datafield ind1=" " ind2="7" tag="651"><subfield code="a">Virginia</subfield><subfield code="z">Phoebus.</subfield><subfield code="2">fast</subfield><subfield code="0">(OCoLC)fst01308285</subfield></datafield><datafield ind1=" " ind2=" " tag="752"><subfield code="a">United States</subfield><subfield code="b">Virginia</subfield><subfield code="d">Norfolk.</subfield></datafield><datafield ind1="1" ind2=" " tag="775"><subfield code="t">Journal and guide (Norfolk, Va. : National ed.)</subfield><subfield code="w">(DLC)sn 89065015</subfield></datafield><datafield ind1="1" ind2=" " tag="775"><subfield code="t">Journal and guide (Norfolk, Va. : Home ed.)</subfield><subfield code="w">(DLC)sn 95079592</subfield></datafield><datafield ind1="1" ind2=" " tag="775"><subfield code="t">Journal and guide (Norfolk, Va. : Richmond ed.)</subfield><subfield code="w">(DLC)sn 95079590</subfield></datafield><datafield ind1="1" ind2=" " tag="775"><subfield code="t">Journal and guide (Norfolk, Va. : Virginia ed. : 1934)</subfield><subfield code="w">(DLC)sn 95079588</subfield></datafield><datafield ind1="0" ind2="7" tag="785"><subfield code="t">Newport News star</subfield><subfield code="w">(DLC)sn 95079077</subfield></datafield><datafield ind1="0" ind2="7" tag="785"><subfield code="t">Journal and guide and Newport News star</subfield><subfield code="w">(DLC)sn 86071771</subfield></datafield></record>